<record><leader>00000cas a22000007a 4500</leader><controlfield tag="001">20720476</controlfield><controlfield tag="008">891201d18561857nhuwr ne      0    0eng d</controlfield><datafield ind1=" " ind2=" " tag="010"><subfield code="a">sn 89070072 </subfield></datafield><datafield ind1=" " ind2=" " tag="040"><subfield code="a">YOX</subfield><subfield code="b">eng</subfield><subfield code="c">YOX</subfield><subfield code="d">NVH</subfield><subfield code="d">KRTAS</subfield><subfield code="d">OCLCQ</subfield></datafield><datafield ind1=" " ind2=" " tag="042"><subfield code="a">msc</subfield></datafield><datafield ind1="0" ind2=" " tag="130"><subfield code="a">Manchester democrat (Manchester, N.H. : 1856)</subfield></datafield><datafield ind1="1" ind2="0" tag="245"><subfield code="a">Manchester democrat.</subfield></datafield><datafield ind1=" " ind2=" " tag="260"><subfield code="a">Manchester, N.H. :</subfield><subfield code="b">John H. Goodale</subfield></datafield><datafield ind1=" " ind2=" " tag="300"><subfield code="a">v.</subfield></datafield><datafield ind1=" " ind2=" " tag="310"><subfield code="a">Weekly</subfield></datafield><datafield ind1="0" ind2=" " tag="362"><subfield code="a">Vol. 14, no. 51 (Mar. 26, 1856)-v. 15, no. 46 (Feb. 18, 1857).</subfield></datafield><datafield ind1=" " ind2=" " tag="752"><subfield code="a">United States</subfield><subfield code="b">New Hampshire</subfield><subfield code="c">Hillsborough</subfield><subfield code="d">Manchester.</subfield></datafield><datafield ind1="0" ind2="0" tag="780"><subfield code="t">Democrat (Manchester, N.H.)</subfield><subfield code="w">(DLC)sn 84023813</subfield></datafield><datafield ind1="0" ind2="7" tag="785"><subfield code="t">Manchester American &amp; messenger</subfield><subfield code="w">(DLC)sn 84023811</subfield></datafield><datafield ind1="0" ind2="7" tag="785"><subfield code="t">Democrat and American</subfield><subfield code="w">(DLC)sn 84023817</subfield></datafield><datafield ind1=" " ind2=" " tag="938"><subfield code="a">Kirtas Technologies, Inc.</subfield><subfield code="b">KRTS</subfield><subfield code="n">740349</subfield></datafield></record>